% Encoding: UTF-8

@Book{Garcia2018,
  title     = {EL BESTIARIO DE AXLIN},
  publisher = {Montena},
  year      = {2018},
  author    = {Laura Gallego García},
  editor    = {Montena},
  isbn      = {978-8490439319},
  ean       = {9788490439319},
  pagetotal = {480},
  url       = {https://www.ebook.de/de/product/32801652/el_bestiario_de_axlin.html},
}

@Book{LauraGallegoGarcia2017,
  title     = {Por una rosa},
  publisher = {Montena},
  year      = {2017},
  author    = {Gallego, Laura and Ruescas, Juan-Antonio and Taibo, Benito},
  editor    = {Montena},
  isbn      = {978-8490437926},
  date      = {2017-03-11},
  ean       = {9788490437926},
  pagetotal = {192},
  url       = {https://www.ebook.de/de/product/28718000/laura_gallego_juan_antonio_ruescas_benito_taibo_por_una_rosa.html},
}

@Book{Garcia2017,
  title     = {Cuando me veas},
  publisher = {Editorial Planeta, S.A.},
  year      = {2017},
  author    = {Gallego, Laura},
  editor    = {Destino Infantil \& Juvenil},
  isbn      = {978-8408167563},
  date      = {2017-02-11},
  ean       = {9788408167563},
  pagetotal = {384},
  url       = {https://www.ebook.de/de/product/28650384/laura_gallego_cuando_me_veas.html},
}

@Book{Garcia2016,
  title     = {Héroes por casualidad},
  publisher = {BRUNO},
  year      = {2016},
  author    = {Garcia, Laura Gallego},
  editor    = {Bruño},
  isbn      = {978-8469604762},
  date      = {2016-06-30},
  ean       = {9788469604762},
  pagetotal = {172},
  url       = {https://www.ebook.de/de/product/25687485/laura_gallego_garcia_heroes_por_casualidad.html},
}

@Book{Garcia2016a,
  title     = {Omnia.Todo lo que puedas soñar},
  publisher = {Montena},
  year      = {2016},
  author    = {Gallego, Laura},
  editor    = {Montena},
  isbn      = {978-8490435809},
  date      = {2016-03-11},
  ean       = {9788490435809},
  pagetotal = {288},
  url       = {https://www.ebook.de/de/product/25813877/laura_gallego_omnia_todo_lo_que_puedas_sonar.html},
}

@Book{Garcia2015,
  title     = {Todas las hadas del reino},
  publisher = {Montena},
  year      = {2015},
  author    = {Gallego, Laura},
  editor    = {Montena},
  isbn      = {978-8490433713},
  date      = {2015-03-11},
  ean       = {9788490433713},
  pagetotal = {480},
  url       = {https://www.ebook.de/de/product/23812781/laura_gallego_todas_las_hadas_del_reino.html},
}

@Book{Garcia2014,
  title     = {Enciclopedia de Idhún},
  publisher = {Fundación Santa María-Ediciones SM},
  year      = {2014},
  author    = {Gallego, Laura},
  editor    = {SM},
  isbn      = {978-8467574128},
  date      = {2014-10-11},
  ean       = {9788467574128},
  pagetotal = {256},
  url       = {https://www.ebook.de/de/product/23176286/laura_gallego_enciclopedia_de_idhun.html},
}

@Book{Garcia2014a,
  title     = {El Libro de los Portales},
  publisher = {Booket},
  year      = {2014},
  author    = {Laura Gallego García},
  editor    = {Booket},
  isbn      = {978-8445002285},
  ean       = {9788445002285},
  pagetotal = {496},
  url       = {https://www.ebook.de/de/product/23182779/el_libro_de_los_portales.html},
}

@Book{Garcia2012,
  title     = {Mago por casualidad},
  publisher = {Editorial Bruño},
  year      = {2012},
  author    = {Gallego, Laura},
  editor    = {Bruño},
  isbn      = {978-8421672693},
  date      = {2012-03-11},
  ean       = {9788421672693},
  pagetotal = {192},
  url       = {https://www.ebook.de/de/product/18867401/laura_gallego_mago_por_casualidad_educacion_primaria_3_ciclo.html},
}

@Book{Garcia2011,
  title     = {Donde los árboles cantan},
  publisher = {Fundación Santa María-Ediciones SM},
  year      = {2011},
  author    = {Gallego, Laura},
  editor    = {SM},
  isbn      = {978-8467550030},
  date      = {2011-09-11},
  ean       = {9788467550030},
  pagetotal = {480},
  url       = {https://www.ebook.de/de/product/16564103/laura_gallego_donde_los_arboles_cantan.html},
}

@Comment{jabref-meta: databaseType:bibtex;}
